 @inproceedings{esbensen2015dboard,
  title={The dBoard: A Digital Scrum Board for Distributed Software Development},
  author={Esbensen, Morten and Tell, Paolo and Cholewa, Jacob B and Pedersen, Mathias K and Bardram, Jakob},
  booktitle={Proceedings of the 2015 International Conference on Interactive Tabletops Surfaces},
  pages={161--170},
  year={2015},
  organization={ACM}
}

 @inproceedings{rubart2014cooperative,
  title={A Cooperative Multitouch Scrum Task Board for Synchronous Face-to-Face Collaboration},
  author={Rubart, Jessica},
  booktitle={Proceedings of the Ninth ACM International Conference on Interactive Tabletops and Surfaces},
  pages={387--392},
  year={2014},
  organization={ACM}
}

@article{dullemond2014collaboration,
  title={Collaboration Spaces for Virtual Software Teams},
  author={Dullemond, Kevin and van Gameren, Ben and van Solingen, Rini},
  journal={IEEE Software},
  volume={31},
  number={6},
  pages={47--53},
  year={2014},
  publisher={IEEE}
}

 @inproceedings{perry2008drifting,
  title={Drifting toward invisibility: The transition to the electronic task board},
  author={Perry, Thomas},
  booktitle={Agile, 2008. AGILE'08. Conference},
  pages={496--500},
  year={2008},
  organization={IEEE}
}

@inproceedings{hajratwala2012task,
  title={Task Board Evolution.},
  author={Hajratwala, Nayan},
  booktitle={AGILE},
  pages={111--116},
  year={2012}
}

@article{beck2001manifesto,
  title={Manifesto for agile software development},
  author={Beck, Kent and Beedle, Mike and Van Bennekum, Arie and Cockburn, Alistair and Cunningham, Ward and Fowler, Martin and Grenning, James and Highsmith, Jim and Hunt, Andrew and Jeffries, Ron and others},
  year={2001}
}

@article{beck2001manifest,
  title={Manifesto for agile software development},
  author={Beck, Kent and Beedle, Mike and Van Bennekum, Arie and Cockburn, Alistair and Cunningham, Ward and Fowler, Martin and Grenning, James and Highsmith, Jim and Hunt, Andrew and Jeffries, Ron and others},
  year={2001}
}